@article{Salomon2015,
author = {Salomon, Margot E},
journal = {European Law Journal},
pages = {521--545},
title = {{Of Austerity, Human Rights and International Institutions}},
volume = {4},
year = {2015}
}

@article{Efthymiou2012775,
title = "Use of Social Media for Transport Data Collection ",
journal = "Procedia - Social and Behavioral Sciences ",
volume = "48",
number = "",
pages = "775 - 785",
year = "2012",
note = "Transport Research Arena 2012 ",
issn = "1877-0428",
doi = "http://dx.doi.org/10.1016/j.sbspro.2012.06.1055",
url = "http://www.sciencedirect.com/science/article/pii/S1877042812027917",
author = "Dimitrios Efthymiou and Constantinos Antoniou",
keywords = "Social media",
keywords = "carsharing",
keywords = "bikesharing",
keywords = "electric vehicles",
keywords = "questionnaire "
}


