@Manual{CiteR,
  title = {R: A Language and Environment for Statistical Computing},
  author = {{R Core Team}},
  organization = {R Foundation for Statistical Computing},
  address = {Vienna, Austria},
  year = {2015},
  url = {https://www.R-project.org/},
  note = {Version 3.2.2}, 
}
@Manual{R-dplyr,
  title = {dplyr: A Grammar of Data Manipulation},
  author = {Hadley Wickham and Romain Francois},
  year = {2015},
  note = {R package version 0.4.2},
  url = {http://CRAN.R-project.org/package=dplyr},
}
@Manual{R-ggmap,
  title = {ggmap: Spatial Visualization with ggplot2},
  author = {David Kahle and Hadley Wickham},
  year = {2015},
  note = {R package version 2.5.2},
  url = {http://CRAN.R-project.org/package=ggmap},
}
@Manual{R-ggplot2,
  title = {ggplot2: An Implementation of the Grammar of Graphics},
  author = {Hadley Wickham and Winston Chang},
  year = {2015},
  note = {R package version 1.0.1},
  url = {http://CRAN.R-project.org/package=ggplot2},
}
@Manual{R-knitr,
  title = {knitr: A General-Purpose Package for Dynamic Report Generation in R},
  author = {Yihui Xie},
  year = {2015},
  note = {R package version 1.10.5},
  url = {http://CRAN.R-project.org/package=knitr},
}
@Manual{R-lfe,
  title = {lfe: Linear Group Fixed Effects},
  author = {Simen Gaure and Ragnar Frisch Centre for Economic Research},
  year = {2015},
  note = {R package version 2.3-1709},
  url = {http://CRAN.R-project.org/package=lfe},
}
@Manual{R-maptools,
  title = {maptools: Tools for Reading and Handling Spatial Objects},
  author = {Roger Bivand and Nicholas Lewin-Koh},
  year = {2015},
  note = {R package version 0.8-36},
  url = {http://CRAN.R-project.org/package=maptools},
}
@Manual{R-nlme,
  title = {nlme: Linear and Nonlinear Mixed Effects Models},
  author = {Jos√© Pinheiro and Douglas Bates and {R-core}},
  year = {2015},
  note = {R package version 3.1-122},
  url = {http://CRAN.R-project.org/package=nlme},
}
@Manual{R-rgeos,
  title = {rgeos: Interface to Geometry Engine - Open Source (GEOS)},
  author = {Roger Bivand and Colin Rundel},
  year = {2015},
  note = {R package version 0.3-12},
  url = {http://CRAN.R-project.org/package=rgeos},
}
@Manual{R-rworldmap,
  title = {rworldmap: Mapping global data, vector and raster.},
  author = {Andy South},
  year = {2013},
  note = {R package version 1.3-1},
  url = {http://CRAN.R-project.org/package=rworldmap},
}
@Manual{R-stringr,
  title = {stringr: Simple, Consistent Wrappers for Common String Operations},
  author = {Hadley Wickham},
  year = {2015},
  note = {R package version 1.0.0},
  url = {http://CRAN.R-project.org/package=stringr},
}
@Manual{R-textcat,
  title = {textcat: N-Gram Based Text Categorization},
  author = {Kurt Hornik and Johannes Rauch and Christian Buchta and Ingo Feinerer},
  year = {2015},
  note = {R package version 1.0-3},
  url = {http://CRAN.R-project.org/package=textcat},
}
@Manual{R-tidyr,
  title = {tidyr: Easily Tidy Data with spread() and gather() Functions.},
  author = {Hadley Wickham},
  year = {2014},
  note = {R package version 0.2.0},
  url = {http://CRAN.R-project.org/package=tidyr},
}
@Manual{R-tm,
  title = {tm: Text Mining Package},
  author = {Ingo Feinerer and Kurt Hornik},
  year = {2015},
  note = {R package version 0.6-2},
  url = {http://CRAN.R-project.org/package=tm},
}
@Manual{R-tm.lexicon.GeneralInquirer,
  title = {tm.lexicon.GeneralInquirer: General Inquirer Categories},
  author = {Stefan Theussl and Paul Hofmarcher and Kurt Hornik},
  note = {R package version 0.0-5},
  year = {2015},
}
@Manual{R-tm.plugin.sentiment,
  title = {tm.plugin.sentiment: Text corpus sentiment analysis},
  author = {Mario Annau},
  year = {2014},
  note = {R package version 0.0.1/r66},
  url = {http://R-Forge.R-project.org/projects/sentiment/},
}
@Manual{R-translateR,
  title = {translateR: Bindings for the Google and Microsoft Translation APIs},
  author = {Christopher Lucas and Dustin Tingley},
  year = {2014},
  note = {R package version 1.0},
  url = {http://CRAN.R-project.org/package=translateR},
}
@Manual{R-twitteR,
  title = {twitteR: R Based Twitter Client},
  author = {Jeff Gentry},
  year = {2015},
  note = {R package version 1.1.9},
  url = {http://CRAN.R-project.org/package=twitteR},
}
@Manual{R-wordcloud,
  title = {wordcloud: Word Clouds},
  author = {Ian Fellows},
  year = {2014},
  note = {R package version 2.5},
  url = {http://CRAN.R-project.org/package=wordcloud},
}
