@Manual{CiteR,
  title = {R: A Language and Environment for Statistical Computing},
  author = {{R Core Team}},
  organization = {R Foundation for Statistical Computing},
  address = {Vienna, Austria},
  year = {2015},
  url = {https://www.R-project.org/},
  note = {Version 3.2.2}, 
}
@Manual{R-twitteR,
  title = {twitteR: R Based Twitter Client},
  author = {Jeff Gentry},
  year = {2015},
  note = {R package version 1.1.9},
  url = {http://CRAN.R-project.org/package=twitteR},
}
